<record><leader>00000cas a2200000 a 4500</leader><controlfield tag="001">42844502</controlfield><controlfield tag="008">991117d1976199uoruwr ne      0    0eng c</controlfield><datafield ind1=" " ind2=" " tag="010"><subfield code="a">sn 99063876 </subfield></datafield><datafield ind1=" " ind2=" " tag="040"><subfield code="a">OCN</subfield><subfield code="b">eng</subfield><subfield code="c">OCN</subfield><subfield code="d">OCLCQ</subfield><subfield code="d">OCLCF</subfield><subfield code="d">OCLCO</subfield></datafield><datafield ind1=" " ind2=" " tag="042"><subfield code="a">pcc</subfield></datafield><datafield ind1=" " ind2=" " tag="043"><subfield code="a">n-us-or</subfield></datafield><datafield ind1="0" ind2="0" tag="245"><subfield code="a">Silverton appeal-tribune and Mt. Angel news.</subfield></datafield><datafield ind1="1" ind2="3" tag="246"><subfield code="a">Silverton appeal tribune/Mt. Angel news</subfield></datafield><datafield ind1="3" ind2=" " tag="246"><subfield code="a">Silverton appeal tribune and Mount Angel news</subfield></datafield><datafield ind1=" " ind2=" " tag="260"><subfield code="a">Silverton, Or. :</subfield><subfield code="b">Appeal-tribune Pub. Co.,</subfield><subfield code="c">1976-</subfield></datafield><datafield ind1=" " ind2=" " tag="300"><subfield code="a">v.</subfield></datafield><datafield ind1=" " ind2=" " tag="310"><subfield code="a">Weekly</subfield></datafield><datafield ind1="0" ind2=" " tag="362"><subfield code="a">96th Year, no. 41 (Oct. 7, 1976)-</subfield></datafield><datafield ind1=" " ind2=" " tag="500"><subfield code="a">Title varies slightly.</subfield></datafield><datafield ind1=" " ind2=" " tag="530"><subfield code="a">Also issued on microfilm from University of Oregon.</subfield></datafield><datafield ind1=" " ind2=" " tag="588"><subfield code="a">Latest issue consulted: Vol. 111, no. 29 (July 17, 1991).</subfield></datafield><datafield ind1=" " ind2="0" tag="651"><subfield code="a">Silverton (Or.)</subfield><subfield code="v">Newspapers.</subfield></datafield><datafield ind1=" " ind2="0" tag="651"><subfield code="a">Mount Angel (Or.)</subfield><subfield code="v">Newspapers.</subfield></datafield><datafield ind1=" " ind2="7" tag="655"><subfield code="a">Newspapers.</subfield><subfield code="2">fast</subfield><subfield code="0">(OCoLC)fst01423814</subfield></datafield><datafield ind1=" " ind2="7" tag="651"><subfield code="a">Oregon</subfield><subfield code="z">Mount Angel.</subfield><subfield code="2">fast</subfield><subfield code="0">(OCoLC)fst01207825</subfield></datafield><datafield ind1=" " ind2="7" tag="651"><subfield code="a">Oregon</subfield><subfield code="z">Silverton.</subfield><subfield code="2">fast</subfield><subfield code="0">(OCoLC)fst01221456</subfield></datafield><datafield ind1=" " ind2=" " tag="752"><subfield code="a">United States</subfield><subfield code="b">Oregon</subfield><subfield code="c">Marion</subfield><subfield code="d">Silverton.</subfield></datafield><datafield ind1="0" ind2="4" tag="780"><subfield code="t">Mt. Angel news</subfield><subfield code="w">(DLC)sn 99063871</subfield></datafield><datafield ind1="0" ind2="4" tag="780"><subfield code="t">Silverton appeal-tribune</subfield><subfield code="w">(DLC)sn 99063875</subfield></datafield><datafield ind1="0" ind2="0" tag="785"><subfield code="t">Silverton appeal-tribune (Silverton, Or.)</subfield><subfield code="w">(DLC)sn 99063877</subfield></datafield></record>